<record><leader>00000cas a22000007a 4500</leader><controlfield tag="001">17766671</controlfield><controlfield tag="008">880411d19771978ohuwr ne      0    0eng d</controlfield><datafield ind1=" " ind2=" " tag="010"><subfield code="a">sn 88078426 </subfield></datafield><datafield ind1=" " ind2=" " tag="040"><subfield code="a">ONP</subfield><subfield code="b">eng</subfield><subfield code="c">ONP</subfield><subfield code="d">DLC</subfield><subfield code="d">ONP</subfield><subfield code="d">OCLCQ</subfield></datafield><datafield ind1=" " ind2=" " tag="042"><subfield code="a">msc</subfield></datafield><datafield ind1="0" ind2=" " tag="130"><subfield code="a">Tallmadge express (Tallmadge, Ohio : 1977)</subfield></datafield><datafield ind1="1" ind2="0" tag="245"><subfield code="a">Tallmadge express.</subfield></datafield><datafield ind1=" " ind2=" " tag="260"><subfield code="a">Tallmadge, Ohio :</subfield><subfield code="b">Hub Publishers,</subfield><subfield code="c">1977-1978.</subfield></datafield><datafield ind1=" " ind2=" " tag="300"><subfield code="a">v.</subfield></datafield><datafield ind1=" " ind2=" " tag="310"><subfield code="a">Weekly</subfield></datafield><datafield ind1="0" ind2=" " tag="362"><subfield code="a">Vol. 1, no. 1 (Aug. 4, 1977)-v. 2, no. 20 (Dec. 13, 1978).</subfield></datafield><datafield ind1=" " ind2=" " tag="752"><subfield code="a">United States</subfield><subfield code="b">Ohio</subfield><subfield code="c">Summit</subfield><subfield code="d">Tallmadge.</subfield></datafield><datafield ind1="0" ind2="7" tag="785"><subfield code="t">Tallmadge circle news</subfield><subfield code="w">(DLC)sn 91069101</subfield></datafield><datafield ind1="0" ind2="7" tag="785"><subfield code="t">Tallmadge express and circle news</subfield><subfield code="w">(DLC)sn 91069102</subfield></datafield></record>